@book{zaks-z80prog,
    author = {Rodnay Zaks},
    year = {1981},
    title = {Programming the Z80},
    publisher = {SYBEX Inc},
}

@book{z80um,
    author* = {Zilog},
    year = {2004},
    title = {CPU User Manual},
    publisher = {Zilog},
    address = {San Jose}
}

@online{brandonw,
    title = "WikiTI",
    author = "Brandon Wilson",
    url = "http://wikiti.brandonw.net/index.php?title=WikiTI_Home"
}

@online{shirriff-reg,
    title = "The Z-80 has a 4-bit ALU. Here's how it works.",
    author = "Ken Shirriff",
    year = "2013",
    url = "http://www.righto.com/2013/09/the-z-80-has-4-bit-alu-heres-how-it.html",
}

@online{z80heaven,
    title = {Z80 Heaven},
    year = 2016,
    url = {http://z80-heaven.wikidot.com/},
    urldate = {2018-05-14}
}

@online{regsandmem,
    title = {The Registers And Memory},
    year = 2014,
    url = {http://z80-heaven.wikidot.com/the-registers-and-memory},
    urldate = {2018-05-14}
}

@online{ClrHome,
    title = {ClrHome},
    url = {http://clrhome.org/table/},
    urldate = {2018-05-14}
}
